
@article{hujie_2015,
	title = {芬顿和臭氧氧化法深度处理化工废水的对比研究},
	issn = {1001-3644},
	abstract = {随着我国水环境形式的日益严峻以及污水排放标准的提高,传统的化工废水二级处理工艺已经不能满足废水中污染物的去除要求。在查阅相关化工废水处理技术文献的基础上,采用芬顿和臭氧氧化技术对某化工厂生化处理出水进行深度处理研究。研究发现,芬顿最佳反应条件为p H为3,Fe2+投加量为200mg/L,过氧化氢投加量为50mg/L,反应时间为2h,此条件下TOC的去除率可以达到48\%;臭氧氧化技术对TOC的去除率随着臭氧投加量的增加而升高。两者相较而言,相同TOC去除率条件下芬顿氧化技术成本更低。},
	language = {中文;},
	number = {04 vo 34},
	journal = {四川环境},
	author = {胡洁;王乔;周珉;许妍;王琴;},
	year = {2015},
	keywords = {advanced oxidation process, Chemical wastewater, Fenton oxidation, ozonation, 化工废水, 臭氧氧化, 芬顿氧化, 高级氧化法},
	pages = {23--26}
}

@article{wangping_2015,
	title = {芬顿法应用于染料工业园区废水深度处理的技术研究与评价},
	abstract = {染料废水是典型的“三高一低”废水,即“高COD、高色度,高盐度、低B/C比”。染料工业园区的废水经过物化和生化等多种方法进行处理后仍不能达标排放。近年来,高级氧化法用于废水深度处理受到人们的普遍关注,其中,芬顿法作为高级氧化法的典型代表,更是引起行业内的广泛研究。它的优势体现在氧化能力超强,反应时间非常短,三价铁离子的絮凝沉淀作用等,是深度处理难降解废水的不二选择。本论文针对四个染料工业园区污水处理厂的难降解废水,利用芬顿试剂进行深度处理研究,取得下列研究成果：针对来自河北、浙江、江苏、杭州的染料工业园区污水处理厂的二沉池出水,芬顿实验的结果差别较大。结合单因素实验和正交实验结果来看,河北某染料工业园区的废水COD从94 mg·L-1降至15.6 mg·L-1,去除率达83.46\%,符合国家城镇污水排放一级A标准。具体处理条件是初始pH为5,30\%过氧化氢为1.41g·L-1,七水合硫酸亚铁为3.46 g·L-1：江苏某园区废水可由原水370 mg·L-1降低到176mg·L-1,去除率52.43\%;浙江某园区废水可由原水的321 mg·L-1降低到117 mg·L-1,去除率63.55\%；杭州某园区废水经过芬顿法深度处理可由原水的480 mg·L-1降低到101 mg·L-1,去除率78.96\%。实验效果存在差异的原因在于废水来源、水质、组分有较大的差别,造成芬顿法处理的废水不能达标。以实验结果、药剂费用、污泥处理费用为指导因子,使用多因子加权评价法对芬顿法进行技术及经济评价,得出结论：河北某园区废水最适合使用芬顿法进行深度处理,浙江某园区次之,而江苏某园区和杭州某园区的废水基本不适合使用芬顿法深度处理。针对污泥的产量问题,实验中选取了河北某染料工业园区废水的芬顿产泥量进行了计算,结果得出实际的产泥量在理论产泥量的大约2-9倍之间。处理效果最佳的情况下实际产泥量约为理论产泥的3倍。综合实验结果、经济性和污泥产量考虑,芬顿法用于染料工业园区废水的深度处理效果是明显的,充分利用了芬顿试剂的强氧化性和铁离子的絮凝沉淀作用,然而还是不能全部达标排放,且污泥产量较高,总费用较高。突破该方法的经济性瓶颈,需从其反应机理入手,进行深入研究。},
	language = {中文;},
	author = {王平},
	year = {2015},
	keywords = {advanced treatment, COD, difficult degradation, dye wastewater, economic evaluation, Fenton method, 染料废水, 深度处理, 经济评价, 芬顿法, 难降解}
}

@article{ghosh_electro-fenton_2012,
	title = {Electro-{Fenton} treatment of synthetic organic dyes: {Influence} of operational parameters and kinetic study},
	volume = {29},
	issn = {1975-7220},
	shorttitle = {Electro-{Fenton} treatment of synthetic organic dyes},
	url = {https://doi.org/10.1007/s11814-012-0011-6},
	doi = {10.1007/s11814-012-0011-6},
	abstract = {This work investigates oxidative decolorization of two different dyes, Methylene blue and Titan yellow in aqueous solution using an environmentally friendly advanced electro-chemical oxidation (electro-Fenton) process. The effect of operating conditions like H2O2 concentration, current density, initial dye concentration was studied in a batch stirred cell. Individual decolorization decay kinetics for both dyes was investigated. The second-order absolute rate constants (L mol−1 s−1) between hydroxyl radical and dye have been calculated from experimental data by fitting it to the decolorization model. The apparent kinetic constants, k app (s−1) for Methylene blue and Titan yellow dye decolorization were also determined. The experimental data showed a good fit to the theoretical model, which can predict data in a wide range of \% dye decolorization. This process also reduces COD of the dye solution, and the unit energy demand (UED) in kWh/kg COD removed for different electrical current has been reported.},
	language = {en},
	number = {9},
	urldate = {2019-05-03},
	journal = {Korean Journal of Chemical Engineering},
	author = {Ghosh, Prabir and Thakur, Lalit Kumar and Samanta, Amar Nath and Ray, Subhabrata},
	month = sep,
	year = {2012},
	keywords = {Electro-Fenton Process, Environmental Pollution, Hydroxyl Radicals, Kinetics, Modeling, Rate Constants},
	pages = {1203--1210}
}

@article{ishak_optimization_2013,
	title = {Optimization of {Fenton} process for refinery wastewater biodegradability augmentation},
	volume = {30},
	issn = {1975-7220},
	url = {https://doi.org/10.1007/s11814-013-0002-2},
	doi = {10.1007/s11814-013-0002-2},
	abstract = {The Fenton process was used to increase the biodegradability of refinery wastewater. Initially, effects of reaction time, H2O2/COD and H2O2/Fe2+ molar ratios were investigated and biodegradability of wastewater was determined in terms of the BOD5/COD ratio. Preliminary results showed that the Fenton process was able to improve wastewater biodegradability from 0.27 to 0.43. Subsequently, the process was optimized by using response surface methodology based on a five-level central composite design. Adequacy and significance of results were analyzed in analysis of variance. The quadratic model was found to be significant to give less than 0.05 probability of error. The model was fit with data based on insignificant of lack-of-fit test at values of 0.93. The high R2 and Adj.R2 (0.95 and 0.91) indicates satisfactory adjustment of quadratic model to experimental data. Based on optimized conditions, wastewater biodegradability improved to 0.44 via H2O2/COD and H2O2/Fe2+ molar ratios of 2.8 and 4 within 71 minutes reaction time.},
	language = {en},
	number = {5},
	urldate = {2019-05-03},
	journal = {Korean Journal of Chemical Engineering},
	author = {Ishak, Syukriyah and Malakahmad, Amirhossein},
	month = may,
	year = {2013},
	keywords = {Advanced Oxidation Process, BOD5/COD Ratio, Recalcitrant Discharges},
	pages = {1083--1090}
}

@article{canizares_costs_2009,
	title = {Costs of the electrochemical oxidation of wastewaters: {A} comparison with ozonation and {Fenton} oxidation processes},
	volume = {90},
	issn = {0301-4797},
	shorttitle = {Costs of the electrochemical oxidation of wastewaters},
	url = {http://www.sciencedirect.com/science/article/pii/S0301479707003866},
	doi = {10.1016/j.jenvman.2007.10.010},
	abstract = {In the work described here the technical and economic feasibilities of three Advanced Oxidation Processes (AOPs) have been studied: Conductive-Diamond Electrochemical Oxidation (CDEO), Ozonation and Fenton oxidation. The comparison was made by assessing the three technologies with synthetic wastewaters polluted with different types of organic compounds and also with actual wastes (from olive oil mills and from a fine-chemical manufacturing plant). All three technologies were able to treat the wastes, but very different results were obtained in terms of efficiency and mineralization. Only CDEO could achieve complete mineralization of the pollutants for all the wastes. However, the efficiencies were found to depend on the concentration of pollutant (mass transfer control of the oxidation rate). Results obtained in the oxidation with ozone (at pH 12) or by Fenton's reagent were found to depend on the nature of the pollutants, and significant concentrations of oxidation-refractory compounds were usually accumulated during the treatment. Within the discharge limits that all of the technologies can reach, the economic analysis shows that the operating cost of Fenton oxidation is lower than either CDEO or ozonation, although CD{\textbackslash}EO can compete satisfactorily with the Fenton process in the treatment of several kinds of wastes. Likewise, the investment cost for the ozonation process seems to be higher than either CDEO or Fenton oxidation, regardless of the pollutant treated.},
	number = {1},
	urldate = {2019-05-03},
	journal = {Journal of Environmental Management},
	author = {Cañizares, Pablo and Paz, Rubén and Sáez, Cristina and Rodrigo, Manuel A.},
	month = jan,
	year = {2009},
	keywords = {Cost analysis, Electrochemical oxidation, Fenton process, Ozonation},
	pages = {410--420},
	file = {ScienceDirect Snapshot:C\:\\Users\\moviv\\Zotero\\storage\\N4ADJBST\\S0301479707003866.html:text/html}
}

@article{huangting_2017,
	title = {Fe{\textasciitilde}0类芬顿法深度处理制药废水},
	issn = {1673-9108},
	abstract = {以零价铁作为类芬顿反应中的催化剂,对某制药集团经生化处理后的制药废水进行深度处理。研究了H2O2和零价铁粉投加量、pH值以及Fe0的酸改性对处理效果的影响。结果表明:COD去除率20\%时,可有效提高废水B/C比。在pH为3.0{\textasciitilde}3.5时,按H2O2∶COD质量比为1∶6进行投加,Fe0与H2O2按4∶1的摩尔比投加,反应在2 h时能达到处理目标,即去除20\%的COD。Fe0的重复使用性良好,5次后仍能保持催化效能,进一步对其中的反应过程与机理做了探讨。研究结果可为制药废水的深度处理提供参考。},
	language = {中文;},
	number = {11 vo 11},
	journal = {环境工程学报},
	author = {黄挺;张光明;张楠;种珊;刘毓璨;朱佳;},
	year = {2017},
	keywords = {advanced treatment, Fe0, Fenton-like process, pharmaceutical wastewater, 制药废水, 深度处理, 类芬顿技术},
	pages = {5892--5896}
}

@article{nanjilin_2017,
	title = {非均相电芬顿法处理废水的研究进展},
	issn = {1006-4184},
	abstract = {在污水深度处理领域,电芬顿法作为均相芬顿体系的衍生,已经广泛应用于高浓度难降解有机废水的处理中。铁离子作为均相电芬顿体系中的主要活性物种,由于其在反应过程中易于沉淀的特点,从而会产生大量的铁污泥,降低了均相电芬顿处理废水的效率。因此,采用将铁活性物种负载到载体材料制成非均相电芬顿体系主催化单元的方法,可有效减少铁离子的流失,同时也能提高反应效率。本文概述了非均相电芬顿的反应机理,通过介绍非均相电芬顿电极材料和催化剂两个方面来说明非均相电芬顿的发展现状,并对其未来的发展状况进行了展望。},
	language = {中文;},
	number = {10 vo 48},
	journal = {浙江化工},
	author = {南继林;许炉生;徐泽海;吕伯昇;吴成强;秦磊;张国亮;},
	year = {2017},
	keywords = {electrode material, heterogeneous electro-Fenton, supported catalyst, wastewater treatment, 污水处理, 电极材料, 载体催化剂, 非均相电芬顿},
	pages = {39--43}
}

@article{zengping_2017,
	title = {芬顿法深度处理生物处理排水中的四环素抗性基因},
	issn = {1000-6923},
	abstract = {以四环素抗性基因tet(L)、tet(E)为研究对象,考察了芬顿氧化技术对四环素抗性基因废水深度处理的效果.采用定量PCR与DGGE技术检测了芬顿法处理前后生物处理排水中的四环素抗性基因的丰度与废水中菌群丰度的变化.结果显示,在最佳反应条件:反应时间10min,p H值为5,[H\_2O\_2]/[Fe{\textasciitilde}(2+)](物质量的比)=8且H2O2的浓度达到0.2mol/L时,16Sr RNA及四环素抗性基因(tet genes)的去除效果最好.同时分析芬顿氧化前后的DGGE图谱可知,细菌菌群间的丰度有了明显的变化.相关性分析可知,各目标基因与单因素间、各目标基因之间,各样品中目标基因含量的变化与DGGE条带变化之间都没有明显相关性.结果表明,芬顿试剂可能不仅仅是通过削减单位水体中抗性菌的浓度来降低抗性基因浓度,还通过其他的方式来去除单位水体中的抗性基因的浓度,这还有待进一步研究证明.},
	language = {中文;},
	number = {09 vo 37},
	journal = {中国环境科学},
	author = {曾萍;刘诗月;张俊珂;宋永会;刘瑞霞;刘洋;},
	year = {2017},
	keywords = {correlation analysis, DGGE, Fenton oxidation, quantity PCR, tetracycline resistance genes, 凝胶电泳, 四环素抗性基因, 定量PCR, 相关性分析, 芬顿氧化},
	pages = {3315--3323}
}

@article{liyang_2017,
	title = {催化芬顿氧化处理苯酚废水},
	issn = {1673-9108},
	abstract = {通过在Fenton体系中加入新型催化剂OR-SON,研究其催化Fenton反应的效果并探究其催化Fenton技术的原理。研究不同pH条件下OR-SON的催化特性,得出不同条件下其催化H\_2O\_2分解和催化Fenton反应降解苯酚的效果。结果发现,当pH=3时,OR-SON对Fenton反应有较强的催化能力,使H\_2O\_2的分解率提高了60\%。同样在酸性条件下,OR-SON催化Fenton反应对苯酚的去除比Fenton反应更快速,去除率达到95\%。当pH=7时,苯酚去除率仅为14.8\%。自由基抑制实验表明,·OH是OR-SON催化Fenton反应的主要活性产物。说明在酸性条件下OR-SON强化Fe2+和Fe3+的循环,使得Fe{\textasciitilde}(2+)能不断地催化H\_2O\_2产生·OH,提高了H\_2O\_2分解效率,同时提高了苯酚的去除率。},
	language = {中文;},
	number = {01 vo 11},
	journal = {环境工程学报},
	author = {李阳;王芬;于雷;季民;},
	year = {2017},
	keywords = {Fenton reaction, hydrogen peroxide, OR-SON, phenol, 双氧水, 芬顿反应, 苯酚},
	pages = {267--272}
}

@article{shiqiang_2015,
	title = {芬顿氧化技术在木薯酒精废水处理中的应用},
	issn = {2095-3518},
	abstract = {Fenton氧化法属于高级氧化技术(Advanced Oxidation Technologies,AOTs),包括普通Fenton法、E-Fenton法(电Fenton法)等几种。简要介绍Fenton反应的机理和在木薯酒精有机废水领域的应用。},
	language = {中文;},
	number = {12 vo 31},
	journal = {轻工科技},
	author = {时强;王静;},
	year = {2015},
	keywords = {Fenton氧化法, 木薯酒精有机废水, 机理},
	pages = {119--120}
}

@article{zhaochangshuang_2014,
	title = {芬顿氧化技术在废水处理中的进展研究},
	issn = {1674-6139},
	abstract = {随着中国水环境形势的日益严峻以及造纸、印染、制药等行业废水排放标准的提高,传统的废水深度处理工艺已经很难满足污染物去除的要求。在查阅大量国内外最新相关技术文献的基础上,介绍了芬顿氧化技术降解废水中污染物的机理,对比了芬顿氧化试剂的浓度、投加量以及反映时间等因素对COD、色度、总磷等水质指标去除率的影响因素,综述了芬顿氧化法在处理焦化废水、印染废水、农药废水、制药废水、造纸废水等难降解工业废水中的应用研究进展。},
	language = {中文;},
	number = {05 vo 39},
	journal = {环境科学与管理},
	author = {赵昌爽;张建昆;},
	year = {2014},
	keywords = {Fenton oxidation technology, research progress, wastewater, 废水, 研究进展, 芬顿氧化技术},
	pages = {83--87}
}

@article{liupu_2013,
	title = {Fenton氧化-混凝工艺处理焦化废水的研究},
	issn = {1008-4371},
	abstract = {采用Fenton试剂氧化-混凝沉淀法深度处理焦化生化处理二沉池出水,考察了H2O2投加量、Fe2+/H2O2(物质的量比)、PFS(聚合硫酸铁)投加量、pH值、反应时间对TOC和COD去除效果的影响,确定了适宜的反应条件。试验结果表明,TOC和COD去除率最高分别达到90.7\%和72.7\%,出水COD浓度达到GB 8978—1996《国家污水综合排放标准》一级。},
	language = {中文;},
	number = {01 vo 51},
	journal = {武钢技术},
	author = {刘璞;张垒;王丽娜;付本全;张楠;刘尚超;薛改凤;},
	year = {2013},
	keywords = {advanced treatment, coking wastewater, Fenton reagent, Fenton试剂, flocculation, 深度处理, 混凝, 焦化废水},
	pages = {47--49}
}

@article{guopeng_2012,
	title = {{芬顿氧化法处理APMP制浆废水的工程应用}},
	issn = {1671-4571},
	abstract = {本文介绍了采用芬顿深度氧化技术处理桉木APMP浆废水工程运行实例,考察流程各单元的工艺设计参数及运行效果。通过90天的实际运行效果表明,UHOFe芬顿氧化塔处理此类废水具有工艺简单、费用适中、运行稳定的效果。芬顿末端出水CODCr{\textless}90mg/L,色度{\textless}50倍,完全符合《制浆造纸工业水污染物排放标准》(GB3544-2008)。},
	language = {中文;},
	number = {06 vo 31},
	journal = {造纸科学与技术},
	author = {郭鹏;覃茜;钱超宏;潘俊杰;杜春晖;},
	year = {2012},
	keywords = {APMP, Fenton oxidation, pulping, UHOFe, 制浆, 芬顿氧化},
	pages = {143--145+154}
}

@article{xuxiaoyi_fenton-_2012,
	title = {{微电解联合Fenton氧化}-混凝沉淀法预处理医药中间体废水的小试研究},
	issn = {1000-3770},
	abstract = {针对某医药中间体废水成分复杂,有机物浓度高,具有生物抑制性,废水可生化性差等特点,对其进行了铁碳微电解联合Fenton氧化-混凝沉淀预处理试验研究。通过正交试验进行了微电解过程中铁碳比、反应停留时间、pH、铁粉投加量等参数的优化,COD的去除率为29.1\%。结合后续Fenton氧化与混凝沉淀试验,当H2O2投加量为8\%,适当调节混凝pH,整个预处理系统出水COD去除率达45.0\%,总磷的去除率达77.1\%,盐度去除率为24.8\%,色度去除率高达95\%,可生化性提高至0.29,为后续综合污水的生物处理提供了有利条件。},
	language = {中文;},
	number = {10 vo 38},
	journal = {水处理技术},
	author = {许晓毅;李泊娇;胡丹;姬宇;蔡岚;},
	year = {2012},
	keywords = {coagulating sedimentation, fenton oxidization, Fenton氧化, micro-electrolysis, pharmaceutical intermittent wastewater, 医药中间体废水, 微电解, 混凝沉淀},
	pages = {62--64}
}

@article{yanglin_2012,
	title = {Fenton强化微电解工艺处理靛蓝牛仔布印染废水研究},
	issn = {1009-6094},
	abstract = {研究了铁炭微电解-Fenton试剂作用下靛蓝牛仔布印染废水的脱色和COD去除行为,通过正交试验和单因素试验确定了微电解-Fenton反应的最佳操作条件,分析了各影响因子的作用机理。结果表明:在铁炭质量比为2∶1,pH值为3的条件下反应90 min,铁炭微电解出水COD的去除率在49.20\%,色度去除率达到80\%,BOD5/COD值由0.248上升至0.436,可生化性提高;微电解出水在pH值为5,H2O2投加量为0.3\%条件下反应60 min后,COD去除率可达84.1\%,色度去除率达90\%,BOD5/COD值上升至0.525;铁炭微电解-Fenton组合工艺COD的总去除率为87.26\%。},
	language = {中文;},
	number = {03 vo 12},
	journal = {安全与环境学报},
	author = {杨林;王玉军;},
	year = {2012},
	keywords = {environmental engineering, Fenton, indigo jean dyeing wastewater, micro-electrolysis, wastewater treatment, 废水处理, 微电解, 环境工程学, 靛蓝牛仔布印染废水},
	pages = {54--57}
}

@article{yangjuan_2012,
	title = {混凝-{Fenton氧化}-{Fe}{\textasciitilde}0还原预处理高浓度硝基苯生产废水},
	issn = {1673-9108},
	abstract = {采用混凝-Fenton氧化-Fe0还原工艺预处理高浓度硝基苯废水,考察各反应阶段硝基苯去除效果及影响因素。研究表明,聚铁混凝性能优于聚铝;初始COD为17 350 mg/L、硝基苯浓度为10 050 mg/L的废水,在pH=4,聚铁投加浓度3 300 mg/L时,COD和硝基苯去除率分别为63\%和62\%;混凝沉降后的上清液用Fenton试剂氧化,可在较宽pH(3～6)范围内降解硝基苯,当H2O2(30\%)浓度为6 000 mg/L,Fe2+浓度为168 mg/L时,氧化效率最高;聚铁混凝-Fenton氧化后的出水用Fe0还原,最佳还原条件为:pH=3,Fe0浓度1 500 mg/L。原水经聚铁混凝-Fenton氧化-Fe0还原后,COD和硝基苯总去除率分别达90\%和98\%,总药剂成本约12.4元/t。处理后废水硝基苯浓度为168 mg/L,适宜进行后续的厌氧-好氧生物处理。},
	language = {中文;},
	number = {05 vo 6},
	journal = {环境工程学报},
	author = {杨娟;任源;肖凯军;韦朝海;},
	year = {2012},
	keywords = {coagulation, Fe0-reduction, Fe0还原, Fenton-reagent, Fenton氧化, nitrobenzene, 混凝, 硝基苯},
	pages = {1483--1488}
}

@article{zhouzhiming_2012,
	title = {Fenton氧化法深度处理苇浆造纸废水研究},
	issn = {1000-3770},
	abstract = {采用Fenton氧化法对苇浆造纸厂二级生化出水进行深度处理。探讨了废水初始pH、H2O2投加量、FeSO4和PAM用量、反应温度和时间对COD和色度去除效果的影响。结果表明,当体系pH为4、H2O2投加量为10 mmol.L-1、FeSO4投加量为2.5 mmol.L-1、PAM用量为0.75 mg.L-1、反应温度为20℃和时间为40 min时,COD可降至60 mg.L-1以下,色度去除率在90\%以上。},
	language = {中文;},
	number = {02 vo 38},
	journal = {水处理技术},
	author = {周志明;莫立焕;王玉峰;},
	year = {2012},
	keywords = {advanced treatment, Fenton oxidation, Fenton氧化法, papermaking wastewater, 深度处理, 造纸废水},
	pages = {127--129+132}
}

@article{meirongwu_2012,
	title = {草甘膦废水预处理研究与工程应用},
	issn = {1002-8471},
	abstract = {某草甘膦废水处理站已无法达到处理要求,需要进行改造。为了减轻后续的生化处理负荷,强化对草甘膦废水的除磷预处理,选用电絮凝氧化、Fenton氧化和电磁—Fenton氧化3种工艺作为草甘膦废水预处理工艺,进行了比选试验。试验结果表明,Fenton氧化为本工程的草甘膦废水最佳预处理工艺,可达到预期效果。},
	language = {中文;},
	number = {01 vo 48},
	journal = {给水排水},
	author = {梅荣武;韦彦斐;沈浙萍;陈雳华;},
	year = {2012},
	keywords = {Electric flocculation, Electromagnetism-Fenton oxidation, Fenton oxidation, Fenton氧化, Glyphosate Wastewater, Pretreatment, 电磁—Fenton氧化, 电絮凝, 草甘膦废水, 预处理},
	pages = {50--53}
}

@article{luojiupeng_2011,
	title = {Fenton-絮凝法预处理化工综合废水的研究},
	issn = {1009-2455},
	abstract = {以化工综合废水为研究对象,采用Fenton-絮凝法对某化工园区综合废水进行研究。考察了Fenton反应时间、初始pH值、H2O2投加量、Fe2+投加量、絮凝初始pH值以及絮凝剂投加量等因素对处理水质的影响。在Fenton反应时间为60 min,初始pH值为3.5,H2O2及FeSO4.7H2O投加量分别为6.5 mmol/L及600 mg/L,絮凝初始pH值为6.5,PAM投加量为0.9 mg/L的条件下,原水CODCr、浊度和色度去除率分别达到78.86\%、96.64\%和98.65\%,m(BOD5)/m(CODCr)由原水的0.18左右提高到0.5以上,可生化性明显提高。},
	language = {中文;},
	number = {05 vo 42},
	journal = {工业用水与废水},
	author = {罗九鹏;韩菲;姜琦;田秉晖;孙力平;},
	year = {2011},
	keywords = {biodegradability, chemical integrated wastewater, Fenton, flocculation, pretreatment, 化工综合废水, 可生化性, 絮凝, 预处理},
	pages = {15--19}
}

@article{fuxuefeng_2011,
	title = {Cu{\textasciitilde}(2+)作用下{Fenton氧化处理苯酚废水研究}},
	issn = {0517-6611},
	abstract = {[目的]寻找Cu2+存在条件下Fenton氧化处理苯酚模拟废水的最佳条件。[方法]研究不同浓度H2O2、Fe2+及pH下Cu2+的存在对Fenton氧化处理苯酚模拟废水的苯酚去除率的影响和对COD降解效果的影响。[结果]在苯酚浓度为250 mg/L,最佳pH为3.0,H2O2浓度为297.5 mg/L,Fe2+浓度为140 mg/L时,苯酚的最高去除率为94.5\%;在此条件下,Cu2+浓度为40 mg/L时,苯酚最高去除率为97.7\%,提高了3.2\%。在pH3.0、Cu2+浓度40 mg/L条件下,分别求得不同Fe2+/H2O2下的模型条件参数,结果表明Fenton氧化降解苯酚废水符合二级降解动力学反应模型。[结论]适当浓度的Cu2+可提高Fenton氧化降解苯酚废水的效率。Fenton氧化降解苯酚废水符合二级降解动力学反应模型。},
	language = {中文;},
	number = {12 vo 39},
	journal = {安徽农业科学},
	author = {傅学峰;冯俊生;},
	year = {2011},
	keywords = {Cu2+, Fenton oxidation, Fenton氧化, Influencing factors, Kinetic model, Phenol wastewater, 动力学模型, 影响因素, 苯酚废水},
	pages = {7358--7359+7410}
}

@article{liupinjun_2011,
	title = {Fenton试剂+活性炭吸附处理焦化废水的试验研究},
	issn = {1671-7872},
	abstract = {探讨Fenton氧化阶段H2O2投加量、Fe2+投加量、初始pH值、反应时间和温度,以及吸附阶段吸附剂投加量和pH值等因素,对焦化废水COD、氨氮、色度去除率的影响,确定了最佳处理条件。结果表明:Fenton氧化+活性炭处理方法处理焦化废水具有良好效果,COD、氨氮和色度的去除率分别达97.74\%,83.76\%,97.33\%,该试验结果为实际工艺处理焦化废水提供了实验依据。},
	language = {中文;},
	number = {02 vo 28},
	journal = {安徽工业大学学报(自然科学版)},
	author = {李品君;孟冠华;刘宝河;郑俊;},
	year = {2011},
	keywords = {activated carbon, adsorption, coking wastewater, Fenton reagent, Fenton试剂, oxidation, 吸附, 氧化, 活性炭, 焦化废水},
	pages = {152--157}
}

@article{zhangwei_1997,
	title = {废铁屑-{H}\_2O\_2法处理炼油厂含酚废水},
	issn = {1006-1878},
	abstract = {用废铁屑作催化剂，Ｈ２Ｏ２作氧化剂，对炼厂汽提后含硫废水进行了除酚试验研究。考察了初始ｐＨ、Ｈ２Ｏ２投加量、废铁屑投加量对酚去除率的影响。对含酚量为３３１．５ｍｇ／Ｌ的废水，将其初始ｐＨ调至７．２，３０％Ｈ２Ｏ２的投加量为７．５ｍＬ／Ｌ，废铁屑的投加量为３～８ｇ／Ｌ，经２ｈ反应后，酚的脱除率可达９９．９％。},
	language = {中文},
	number = {06},
	journal = {化工环保},
	author = {张伟, 孙金蓉},
	year = {1997},
	keywords = {refinery wastewater,phenol removal,catalytic oxidation,iron chips,hydrogen peroxide., 催化氧化, 废铁屑, 炼厂废水, 过氧化氢, 除酚},
	pages = {22--25}
}

@article{liuyongdi_1994,
	title = {紫外-{Fenton试剂的作用机理及在废水处理中的应用}},
	issn = {0254-6108},
	abstract = {本文研究了紫外光、铁离子对过氧化氢的催化分解作用.证实了紫外光和铁离子对过氧化氢的催化分解存在协同效应,并通过研究三价铁离子与紫外光的相互作用,探讨了协同效应产生的机理.UV-Fenton试剂对硝基苯、十二烷基苯磺酸钠(DBS)模拟废水的处理结果表明:将紫外光引入Fenton试剂可大大提高Fen-ton试剂的氧化性能,对生物难降解或难化学氧化的有机污染物具有良好的处理效果.},
	language = {中文;},
	number = {04},
	journal = {环境化学},
	author = {刘勇弟, 徐寿昌},
	year = {1994},
	keywords = {Fenton reagent, ultraviolet light, wastewater treatment., Fenton试剂, 废水处理, 紫外光},
	pages = {302--306}
}